@article{nosek2002math,
  title={Math= male, me= female, therefore math$\ne$ me.},
  author={Nosek, Brian A and Banaji, Mahzarin R and Greenwald, Anthony G},
  journal={Journal of personality and social psychology},
  volume={83},
  number={1},
  pages={44},
  year={2002},
  publisher={American Psychological Association}
}
